% Encoding: utf8 without BOM

@BOOK{Fichter2009,
  title = {Flugmechanik},
  publisher = {Shaker Verlag},
  year = {2009},
  author = {Walter Fichter and Werner Grimm}
}

@book{Zuern2017,
	author = {Markus Zuern},
	year = {2017},
	title = {Autonomous Soaring through Unknown Atmosphere, Master Thesis},
	publisher = {Institute for Flight Mechanics and Control, Stuttgart University},
}

@article{Notter2018,
	author = {Stefan Notter and Markus Zuern and Pascal Gross and Walter Fichter},
	year   = {2018},
	title  = {Reinforced Learning to Cross-Country Soar in the Vertical Plane of Motion}
}

@article{DBLP:journals/corr/KingmaB14,
	author    = {Diederik P. Kingma and
	Jimmy Ba},
	title     = {Adam: {A} Method for Stochastic Optimization},
	journal   = {CoRR},
	volume    = {abs/1412.6980},
	year      = {2014},
	url       = {http://arxiv.org/abs/1412.6980},
	archivePrefix = {arXiv},
	eprint    = {1412.6980},
	timestamp = {Wed, 07 Jun 2017 14:40:52 +0200},
	biburl    = {https://dblp.org/rec/bib/journals/corr/KingmaB14},
	bibsource = {dblp computer science bibliography, https://dblp.org}
}

@book{SuttonBarto2018,
	author    =  {Richard S. Sutton and and Andrew G. Barto},
	title     =  {Reinforcement Learning - An Introduction},
	year      =  {2018},
	publisher =  {The MIT Press}}

@website{Silver2015,
	author    =  {David Silver},
	title     =  {UCL Course on Reinforcement Learning},
	year      =  {2015}}

@article{Bellman1957,
	author    =  {Richard E. Bellman},
	title     =  {A Markovian Decision Process},
	year      =  {1957}}

@article{Bellman1954,
	author    =  {Richard E. Bellman},
	title     =  {The Theory of Dynamic Programming},
	year      =  {1954}}

@article{Bellman1962,
	author    =  {Richard E. Bellman},
	title     =  {Applied Dynamic Programming},
	year      =  {1962}}